@online{ASP.NETCore:technologies, 
 author = {Wikipedia}, 
 title = {ASP.NET Core - Wikipedia English}, 
 date = {2020-01-04}, 
 url = {https://en.wikipedia.org/wiki/ASP.NET_Core}, 
 }